@Book{book1,
 author    = "Julian {Chan} and Antariksh {Bothale}",
 title     = "Master Chan's guide to the secrets of love",
 publisher = "O'Reilly",
 year      =  2005,
 address   = "Seattle",
}

@Book{bothale2001,
 author    = "Bothale, Antariksh",
 title     = "How to fake your own death, and other discussions",
 publisher = "Stanford Press",
 year      =  2001,
 address   = "Palo Alto",
}

@ONLINE{whoosh,
author = {Chaput, Matt},
title = {Whoosh},

url = {https://pypi.python.org/pypi/Whoosh/}
}


@ONLINE{bsoup,
title = {Beautiful Soup},
url = {www.crummy.com/software/BeautifulSoup/}
}